<?xml version="1.0" encoding="UTF-8"?><collection xmlns="http://www.loc.gov/MARC21/slim"><record><leader>00569nam--2200193-i-4500</leader><controlfield tag="001">000008216</controlfield><controlfield tag="002">20161230</controlfield><controlfield tag="005">20161230201027</controlfield><controlfield tag="008">060222s1000------------r-----000-0-rus-d</controlfield><datafield ind1=" " ind2=" " tag="040"><subfield code="a">IFIN-HH</subfield></datafield><datafield ind1=" " ind2=" " tag="041"><subfield code="a">rus</subfield></datafield><datafield ind1=" " ind2=" " tag="080"><subfield code="a">535.3:539.19.541.2:541.6</subfield></datafield><datafield ind1="1" ind2=" " tag="100"><subfield code="a">Herzberg, Gerhard</subfield></datafield><datafield ind1="1" ind2="0" tag="245"><subfield code="a">Elektronnie spektri i stroenie mnogoatomnih molekul</subfield><subfield code="c">Gerhard herzberg</subfield></datafield><datafield ind1=" " ind2=" " tag="260"><subfield code="a">Moskva</subfield><subfield code="b">Mir</subfield><subfield code="c">1969</subfield></datafield><datafield ind1=" " ind2=" " tag="300"><subfield code="a">772P</subfield></datafield><datafield ind1=" " ind2=" " tag="500"><subfield code="a">Titlul Original In Limba Engleza: Molecular Spectra And Molecular Structure</subfield></datafield><datafield ind1=" " ind2=" " tag="852"><subfield code="a">31332</subfield><subfield code="c">539.19</subfield></datafield><datafield ind1=" " ind2=" " tag="CAT"><subfield code="a">Sys</subfield><subfield code="c">20120712</subfield><subfield code="h">155202</subfield></datafield></record></collection>